<?xml version="1.0" encoding="UTF-8"?><collection xmlns="http://www.loc.gov/MARC21/slim"><record><leader>00552nam--2200193-i-4500</leader><controlfield tag="001">000045931</controlfield><controlfield tag="002">20161230</controlfield><controlfield tag="005">20161230201045</controlfield><controlfield tag="008">060222s1000------------r-----000-0-eng-d</controlfield><datafield ind1=" " ind2=" " tag="020"><subfield code="a">130602361</subfield></datafield><datafield ind1=" " ind2=" " tag="040"><subfield code="a">IFIN-HH</subfield></datafield><datafield ind1=" " ind2=" " tag="080"><subfield code="a">537.8</subfield></datafield><datafield ind1="1" ind2=" " tag="100"><subfield code="a">Narayana Rao, Nannapaneni</subfield></datafield><datafield ind1="1" ind2="0" tag="245"><subfield code="a">Basic electromagnetics with applications</subfield><subfield code="c">Nannapaneni narayana rao</subfield></datafield><datafield ind1=" " ind2=" " tag="260"><subfield code="a">Englewood Cliffs, New Jersey</subfield><subfield code="b">Prentice-hall, Inc</subfield><subfield code="c">1972</subfield></datafield><datafield ind1=" " ind2=" " tag="300"><subfield code="a">563P</subfield></datafield><datafield ind1=" " ind2=" " tag="490"><subfield code="a">Microwaves And Fields Series</subfield></datafield><datafield ind1=" " ind2=" " tag="852"><subfield code="a">41278</subfield><subfield code="c">537:538</subfield></datafield><datafield ind1=" " ind2=" " tag="CAT"><subfield code="a">Sys</subfield><subfield code="c">20110620</subfield><subfield code="h">145330</subfield></datafield></record></collection>